{
  "id": "#(recordId)",
  "matchedId": "#(recordId)",
  "snapshotId": "#(snapshotId)",
  "recordType": "MARC_AUTHORITY",
  "rawRecord": {
    "content": "00485nz   2200169n  4500001001300000003000400013005001700017008004100034010001700075035002300092040003000115046001500145100002100160551000900181667009500190670003000285\u001En  50012752 \u001EDLC\u001E20120810092621.0\u001E150617n| aaannaabn          |n aaa |||  \u001E  \u001Fan  50012752 \u001E  \u001Fa(OCoLC)oca00048239\u001E  \u001FaDLC\u001Fbeng\u001FcDLC\u001FdOCoLC\u001FdDLC\u001E  \u001Ff1829\u001Fg1919\u001E1 \u001FaJohnson, W. Brad\u001E  \u001FaTest\u001E  \u001FaTHIS 1XX FIELD CANNOT BE USED UNDER RDA UNTIL THIS RECORD HAS BEEN REVIEWED AND/OR UPDATED\u001E  \u001FaHis A. W. Kinglake, 1902.\u001E\u001D"
  },
  "parsedRecord": {
    "id": "#(recordId)",
    "content": {
      "leader": "00722cz  a2200157n  4500",
      "fields": [
        {
          "001": "n  00001263 "
        },
        {
          "003": "DLC"
        },
        {
          "008": "000107n| azannaabn          |n aaa      "
        },
        {
          "005": "20220420052621.9"
        },
        {
          "010": {
            "ind2": " ",
            "ind1": " ",
            "subfields": [
              {
                "a": "n  00001263 "
              }
            ]
          }
        },
        {
          "040": {
            "ind2": " ",
            "ind1": " ",
            "subfields": [
              {
                "a": "DLC"
              },
              {
                "b": "eng"
              },
              {
                "e": "rda"
              },
              {
                "c": "DLC"
              },
              {
                "d": "DLC"
              }
            ]
          }
        },
        {
          "100": {
            "ind2": " ",
            "ind1": "1",
            "subfields": [
              {
                "a": "Johnson, W. Brad"
              }
            ]
          }
        },
        {
          "551": {
            "ind2": " ",
            "ind1": " ",
            "subfields": [
              {
                "a": "Test"
              }
            ]
          }
        },
        {
          "670": {
            "ind2": " ",
            "ind1": " ",
            "subfields": [
              {
                "a": "Johnson, W. Brad. The pastor's guide to psychiatric disorders and mental health resources, 2000:"
              },
              {
                "b": "CIP t.p. (W. Brad Johnson, PhD)"
              }
            ]
          }
        },
        {
          "670": {
            "ind2": " ",
            "ind1": " ",
            "subfields": [
              {
                "a": "The elements of mentoring, 2004:"
              },
              {
                "b": "CIP t.p. (W. Brad Johnson; United States Naval Academy & Johns Hopkins Univ.) pref. (prof. at the USNA and in the Grad. Sch. of Business and Educ., Johns Hopkins)"
              }
            ]
          }
        },
        {
          "999": {
            "ind2": "f",
            "ind1": "f",
            "subfields": [
              {
                "s": "#(recordId)"
              },
              {
                "i": "#(authorityId)"
              }
            ]
          }
        }
      ]
    }
  },
  "metadata": {
    "createdDate": "2022-04-20T05:25:21.989+0000",
    "updatedDate": "2022-04-20T05:26:21.952+0000"
  },
  "deleted": false,
  "additionalInfo": {
    "suppressDiscovery": false
  },
  "externalIdsHolder": {
    "authorityId": "#(authorityId)"
  },
  "order": 1
}